02152ccm a2200505 i 4500
001 9183947
003 CaAEU
005 20200911092622.0
008 200819s2020    wiubll         n    eng d
020    $a 1540082261 $q (pbk.)
020    $a 9781540082268 $q (pbk.)
024 10 $a 840126900132
028 32 $a HL00327968 $b Hal Leonard
028 30 $a 00327968 $b Hal Leonard
040    $a CDX $b eng $e rda $c CDX $d CDX
050  4 $a M1630.18.K515 $b D67 2020
082 04 $a 787.87/1643 $2 23
090    $a M1630.18 .K515 D67 2020 $b AEGMCT
100 1  $a King, Marcus, $d 1996- $e composer, $e lyricist.
245 13 $a El Dorado / $c [Marcus King] ; music transcriptions by Pete Billmann, Adonai Booth, Jeff Jacobson and Ron Piccione.
246 3  $a Marcus King, El Dorado
264  1 $a Milwaukee, WI : $b Hal Leonard, $c [2020]
300    $a 1 score (127 pages) ; $c 31 cm.
336    $a notated music $b ntm $2 rdacontent
337    $a unmediated $b n $2 rdamedia
338    $a volume $b nc $2 rdacarrier
382    $a singer $n 1 $a guitar $n 2 $2 lcmpt
490 1  $a Guitar recorded versions : authentic transcriptions with notes and tablature
500    $a "Concord Music Publishing"--Page 4 of cover.
500    $a For voice and guitars, in staff notation and tablature; with chord symbols.
505 0  $a Young man's dream -- The well -- Wildflowers & wine -- One day she's here -- Sweet Mariona -- Beautiful stranger -- Break -- Say you will -- Turn it up -- Too much whiskey -- Love song -- No pain -- Guitar notation legend.
546    $b Staff notation; $b Chord symbols; $b Tablature.
596    $a 29
650  0 $a Rock music $y 2011-2020 $v Scores.
650  0 $a Blues-rock music $v Scores.
650  0 $a Guitar music (Blues) $v Scores.
650  0 $a Guitar music (Rock) $v Scores.
700 1  $a Billmann, Pete, $e transcriber.
700 1  $a Booth, Addi, $e transcriber.
700 1  $a Jacobson, Jeff, $e transcriber.
700 1  $a Piccione, Ron, $e transcriber.
830  0 $a Hal Leonard guitar recorded versions.
949    $a M1630.18 .K515 D67 2020 $h GMCT-OS-MS $i 1008043109 $p 29.90 $k AVAIL_SOON
348    $a score $2 rdafnm
926    $a GR_MACEWAN $b ON_SHELF $c M1630.18 .K515 D67 2020 $d MUSICSCORE $f 1

***

Title, Author(s), Publication information, Series, Notes, Contents, Physical
description, Subjects, Call number, Format

TI El Dorado / [Marcus King] ; music transcriptions by Pete Billmann, Adonai Booth, Jeff Jacobson and Ron Piccione.
AU King, Marcus, composer, lyricist.
PU Milwaukee, WI : Hal Leonard, [2020]
SE Guitar recorded versions : authentic transcriptions with notes and tablature Hal Leonard guitar recorded versions.
NO "Concord Music Publishing"--Page 4 of cover. For voice and guitars, in staff notation and tablature; with chord symbols. Staff notation; Chord symbols; Tablature.
CO Young man's dream -- The well -- Wildflowers & wine -- One day she's here -- Sweet Mariona -- Beautiful stranger -- Break -- Say you will -- Turn it up -- Too much whiskey -- Love song -- No pain -- Guitar notation legend.
PH 1 score (127 pages) ; 31 cm.
SU Rock music 2011-2020; Blues-rock music; Guitar music (Blues); Guitar music (Rock)
CA M1630.18 .K515 D67 2020
FO MUSICSCORE
